@online{Video1,
	title = {ustwo at Nordic Game 2014: Making of Monument Valley in Unity},
	date = {2014},
	organization = {Youtube},
	url = {https://www.youtube.com/watch?v=mCCC9hQm6MM&t=2400s},
	}